<record><leader>00000cas a2200000 a 4500</leader><controlfield tag="001">29000536</controlfield><controlfield tag="008">931013d18751uuuiluwr ne      0   a0eng c</controlfield><datafield ind1=" " ind2=" " tag="010"><subfield code="a">sn 93056096 </subfield></datafield><datafield ind1=" " ind2=" " tag="040"><subfield code="a">NVF</subfield><subfield code="b">eng</subfield><subfield code="c">NVF</subfield><subfield code="d">OCLCQ</subfield><subfield code="d">CVF</subfield><subfield code="d">NVF</subfield><subfield code="d">OCLCQ</subfield><subfield code="d">OCLCF</subfield><subfield code="d">OCLCO</subfield><subfield code="d">NVF</subfield></datafield><datafield ind1=" " ind2=" " tag="042"><subfield code="a">pcc</subfield></datafield><datafield ind1=" " ind2=" " tag="043"><subfield code="a">n-us-il</subfield></datafield><datafield ind1="0" ind2="4" tag="245"><subfield code="a">The Rockford times.</subfield></datafield><datafield ind1=" " ind2=" " tag="260"><subfield code="a">Rockford, Ill. :</subfield><subfield code="b">Dayton &amp; Coursen,</subfield><subfield code="c">1875-[1---?]</subfield></datafield><datafield ind1=" " ind2=" " tag="300"><subfield code="a">volumes</subfield></datafield><datafield ind1=" " ind2=" " tag="310"><subfield code="a">Weekly</subfield></datafield><datafield ind1="0" ind2=" " tag="362"><subfield code="a">Vol. 2, no. 2 (Mar. 3, 1875)- = whole no. 54-</subfield></datafield><datafield ind1=" " ind2=" " tag="588"><subfield code="a">Latest issue consulted: Vol. 2, no. 52 (Feb. 16, 1876) = whole no. 104.</subfield></datafield><datafield ind1=" " ind2="0" tag="651"><subfield code="a">Rockford (Ill.)</subfield><subfield code="v">Newspapers.</subfield></datafield><datafield ind1=" " ind2="7" tag="651"><subfield code="a">Illinois</subfield><subfield code="z">Rockford.</subfield><subfield code="2">fast</subfield><subfield code="0">(OCoLC)fst01208839</subfield></datafield><datafield ind1=" " ind2="7" tag="655"><subfield code="a">Newspapers.</subfield><subfield code="2">fast</subfield><subfield code="0">(OCoLC)fst01423814</subfield></datafield><datafield ind1=" " ind2=" " tag="752"><subfield code="a">United States</subfield><subfield code="b">Illinois</subfield><subfield code="c">Winnebago County</subfield><subfield code="d">Rockford.</subfield></datafield><datafield ind1="0" ind2="0" tag="780"><subfield code="t">Hornet (Rockford, Ill.)</subfield><subfield code="w">(DLC)sn 93056095</subfield><subfield code="w">(OCoLC)29000444</subfield></datafield><datafield ind1="1" ind2=" " tag="029"><subfield code="a">AU@</subfield><subfield code="b">000025852527</subfield></datafield></record>